@ONLINE {sniffing,
    author = {Mingzhe Li and Mark Claypool and Robert Kinicki},
    title  = {Wireless Sniffing by Example - How to Build and Use an IEEE 802.11 Wireless Network Sniffer},
    month  = {nov},
    year   = {2005},
    url    = {"http://digitalcommons.wpi.edu/cgi/viewcontent.cgi?article=1166\&context=computerscience-pubs"}
}

@ONLINE {airsnort,
    author = {Jeremy Bruestle and Blake Hegerle and Snax},
    title  = {Manual Reference Pages - AIRSNORT},
    month  = {aug},
    year   = {2002},
    url    = {"http://resources.infosecinstitute.com/wifite-walkthrough-part-1/"}
}

@ONLINE {wifite,
    author = {Prateek Gianchandani},
    title  = {Wifite Walkthrough},
    url    = {"http://digitalcommons.wpi.edu/cgi/viewcontent.cgi?article=1166\&context=computerscience-pubs"}
}

@article{whotspots,
 author = {Balachandran, Anand and Voelker, Geoffrey M. and Bahl, Paramvir},
 title = {Wireless Hotspots: Current Challenges and Future Directions},
 journal = {Mob. Netw. Appl.},
 issue_date = {June 2005},
 volume = {10},
 number = {3},
 month = jun,
 year = {2005},
 issn = {1383-469X},
 pages = {265--274},
 numpages = {10},
 url = {http://dx.doi.org/10.1007/s11036-005-6421-5},
 doi = {10.1007/s11036-005-6421-5},
 acmid = {1145913},
 publisher = {Springer-Verlag New York, Inc.},
 address = {Secaucus, NJ, USA},
 keywords = {deployment, performance}
} 

@inproceedings{fms,
 author = {Fluhrer, Scott R. and Mantin, Itsik and Shamir, Adi},
 title = {Weaknesses in the Key Scheduling Algorithm of RC4},
 booktitle = {Revised Papers from the 8th Annual International Workshop on Selected Areas in Cryptography},
 series = {SAC '01},
 year = {2001},
 isbn = {3-540-43066-0},
 pages = {1--24},
 numpages = {24},
 url = {http://dl.acm.org/citation.cfm?id=646557.694759},
 acmid = {694759},
 publisher = {Springer-Verlag},
 address = {London, UK, UK}
} 

@ARTICLE {CRC,
    author  = {Debopam Ghosh and Arijit Mitra and Arijit Mukhopadhyay and Aniket Dawn and Devopam Ghosh},
    title   = {A generalised code for computing cycle redundancy check},
    journal = {International Journal of Students Research in Technology \& Management},
    year    = {2013},
    volume  = {2},
    number  = {1},
    pages   = {192-202},
    month   = {apr}
}

@ONLINE {wepframe,
    title = {How 802.11 Wireless Works},
    month = {mar},
    year  = {2003},
    url   = {https://technet.microsoft.com/en-us/library/cc757419(v=ws.10).aspx"}
}

@MASTERSTHESIS {WEP_Uwierzytelnienie,
    author = {Łukasz Szczeciński},
    title  = {Porównanie technologii zabezpieczeń w sieciach bezprzewodowych},
    school = {Wyższa Szkoła Biznesu w Dąbrowie Górniczej},
    year   = {2010}
}

@MISC {fourwayhandshake,
    author = {Jon A. LaRosa},
    title  = {WPA: A Key Step Forward in Enterpriser-class Wireless LAN (WLAN) Security},
    month  = {may},
    year   = {2003}
}

@ONLINE {WPS,
    author = {Wi-Fi Alliance},
    title  = {Wi-Fi Protected Setup Specification version 1.0h},
    month  = {dec},
    year   = {2006},
    url    = {http://cfile28.uf.tistory.com/attach/16132E3C50FCFFCB3EC74E}
}

@book{wifidummies,
 author = {Briere, Danny and Hurley, Pat and Ferris, Edward},
 title = {Wireless Home Networking For Dummies},
 year = {2008},
 isbn = {9780470258897},
 edition = {3rd},
 publisher = {For Dummies}
} 

@techreport{hmac,
 author = {Krawczyk, H. and Bellare, M. and Canetti, R.},
 title = {HMAC: Keyed-Hashing for Message Authentication},
 year = {1997},
 publisher = {RFC Editor},
 address = {United States}
} 

@inproceedings{becktews,
 author = {Tews, Erik and Beck, Martin},
 title = {Practical Attacks Against WEP and WPA},
 booktitle = {Proceedings of the Second ACM Conference on Wireless Network Security},
 series = {WiSec '09},
 year = {2009},
 isbn = {978-1-60558-460-7},
 location = {Zurich, Switzerland},
 pages = {79--86},
 numpages = {8},
 url = {http://doi.acm.org/10.1145/1514274.1514286},
 doi = {10.1145/1514274.1514286},
 acmid = {1514286},
 publisher = {ACM},
 address = {New York, NY, USA},
 keywords = {802.11, cryptanalysis, rc4, tkip, wep, wlan, wpa}
} 

@ONLINE {mdk3dos,
    author = {Norbert Kozłowski},
    title  = {Niekonwencjonalne ataki Wi-Fi},
    month  = {apr},
    year   = {2009},
    url    = {https://nfsec.pl/hakin9/altwifi.pdf}
}

@MISC{Morii,
    author = {Toshihiro Ohigashi and Masakatu Morii},
    title = {A Practical Message Falsification Attack on WPA}
}

@ONLINE {hole,
    author = {Md Sohail Ahmad},
    title  = {WPA Too!},
    month  = {jul},
    year   = {2010},
    url    = {https://defcon.org/images/defcon-18/dc-18-presentations/Ahmad/DEFCON-18-Ahmad-WPA-Too-WP.pdf}
}

@ONLINE {dictionary,
    author = {darkAudax},
    title  = {How to Crack WPA/WPA2},
    month  = {mar},
    year   = {2010},
    url    = {http://www.aircrack-ng.org/doku.php?id=cracking_wpa}
}

@ONLINE {pixiedustattack,
    author = {Dominique Bongard},
    title  = {Offline bruteforce attack on WiFi Protected Setup},
    year   = {2014},
    url    = {http://archive.hack.lu/2014/Hacklu2014_offline_bruteforce_attack_on_wps.pdf}
}

@article{RC4,
 author = {Klein, Andreas},
 title = {Attacks on the RC4 Stream Cipher},
 journal = {Des. Codes Cryptography},
 issue_date = {September 2008},
 volume = {48},
 number = {3},
 month = sep,
 year = {2008},
 issn = {0925-1022},
 pages = {269--286},
 numpages = {18},
 url = {http://dx.doi.org/10.1007/s10623-008-9206-6},
 doi = {10.1007/s10623-008-9206-6},
 acmid = {1380822},
 publisher = {Kluwer Academic Publishers},
 address = {Norwell, MA, USA},
 keywords = {68P25, 94A60, Cryptanalysis, RC4, Stream cipher}
} 

@ONLINE {korekstat,
    author = {Rafik Chaabouni},
    title  = {Break WEP Faster with Statistical Analysis},
    month  = {jun},
    year   = {2006},
    url    = {http://digitalcommons.wpi.edu/cgi/viewcontent.cgi?article=1166\\&context=computerscience-pubs}
}

@ONLINE {chopchop,
    title = {Korek ChopChop Attack},
    month = {jun},
    year  = {2006},
    url   = {http://www.aircrack-ng.org/doku.php?id=korek_chopchop}
}

@inproceedings{fragment,
 author = {Bittau, Andrea and Handley, Mark and Lackey, Joshua},
 title = {The Final Nail in WEP's Coffin},
 booktitle = {Proceedings of the 2006 IEEE Symposium on Security and Privacy},
 series = {SP '06},
 year = {2006},
 isbn = {0-7695-2574-1},
 pages = {386--400},
 numpages = {15},
 url = {http://dx.doi.org/10.1109/SP.2006.40},
 doi = {10.1109/SP.2006.40},
 acmid = {1130389},
 publisher = {IEEE Computer Society},
 address = {Washington, DC, USA}
} 

@inproceedings{PTW,
 author = {Tews, Erik and Weinmann, Ralf-Philipp and Pyshkin, Andrei},
 title = {Breaking 104 Bit WEP in Less Than 60 Seconds},
 booktitle = {Proceedings of the 8th International Conference on Information Security Applications},
 series = {WISA'07},
 year = {2007},
 isbn = {978-3-540-77534-8},
 location = {Jeju Island, Korea},
 pages = {188--202},
 numpages = {15},
 url = {http://dl.acm.org/citation.cfm?id=1784964.1784983},
 acmid = {1784983},
 publisher = {Springer-Verlag},
 address = {Berlin, Heidelberg}
} 

@book{Websockets,
 author = {Andrew Lombardi},
 title = {WebSocket},
 year = {2015},
 month = {sep},
 isbn = {978-1-4493-6927-9},
 publisher = {O'Reilly Media}
} 